@article{TurneyPantel,
  author    = {Peter D. Turney and Patrick Pantel},
  title     = {From Frequency to Meaning: Vector Space Models of Semantics},
  journal   = {CoRR},
  volume    = {abs/1003.1141},
  year      = {2010},
  url       = {http://arxiv.org/abs/1003.1141},
  timestamp = {Mon, 05 Dec 2011 18:05:00 +0100},
  biburl    = {http://dblp.uni-trier.de/rec/bib/journals/corr/abs-1003-1141},
  bibsource = {dblp computer science bibliography, http://dblp.org}
}

@article{Mitchell:Lapata:2010, 
  author = {Jeff Mitchell and Mirella Lapata}, 
  title = {Composition in Distributional Models of Semantics}, 
  journal = {Cognitive Science}, 
  year = {2010}, 
  volume = {34}, 
  number = {8}, 
  pages = {1388--1439} 
 }

@book{jurafsky2014language,
      title={The Language of Food: A Linguist Reads the Menu},
        author={Jurafsky, Dan},
          year={2014},
            publisher={WW Norton \& Company}
}

@inproceedings{Lazaridou13fish,
    author = {Angeliki Lazaridou and Eva Maria Vecchi and Marco Baroni},
    title = {Fish transporters and miracle homes: How compositional distributional semantics can help NP parsing},
    booktitle = {In Proceedings of EMNLP},
    year = {2013}
}

@misc{Dissect,
    author = {Georgiana Dinu and Nghia The Pham and Marco Baroni},
    title = {DISSECT- DIStributional SEmantics Composition Toolkit},
    year = {2013}
}

@inproceedings{Vecchi,
 author = {Vecchi, Eva Maria and Baroni, Marco and Zamparelli, Roberto},
 title = {(Linear) Maps of the Impossible: Capturing Semantic Anomalies in Distributional Space},
 booktitle = {Proceedings of the Workshop on Distributional Semantics and Compositionality},
 series = {DiSCo '11},
 year = {2011},
 isbn = {9781937284022},
 location = {Portland, Oregon},
 pages = {1--9},
 numpages = {9},
 url = {http://dl.acm.org/citation.cfm?id=2043121.2043122},
 acmid = {2043122},
 publisher = {Association for Computational Linguistics},
 address = {Stroudsburg, PA, USA},
} 

@inproceedings{mitchell-lapata:2008:ACLMain,
    author = {Mitchell, Jeff and Lapata, Mirella},
    title = {Vector-based Models of Semantic Composition},
    booktitle = {Proceedings of ACL-08: HLT},
    month = {June},
    year = {2008},
    address = {Columbus, Ohio},
    publisher = {Association for Computational Linguistics},
    pages = {236--244},
    url = {http://www.aclweb.org/anthology/P08-1028}
    }
@article{miller1995wordnet,
    title={WordNet: a lexical database for English},
    author={Miller, George A},
    journal={Communications of the ACM},
    volume={38},
    number={11},
    pages={39--41},
    year={1995},
    publisher={ACM}
}
@article{jiang1997semantic,
  title={Semantic similarity based on corpus statistics and lexical taxonomy},
  author={Jiang, Jay J and Conrath, David W},
  journal={arXiv preprint cmp-lg/9709008},
  year={1997}
}
@article{francis1979brown,
  title={Brown corpus manual},
  author={Francis, W Nelson and Kucera, Henry},
  journal={Brown University},
  year={1979}
}
@Manual{LSAfun,
  title = {LSAfun: Applied Latent Semantic Analysis (LSA) functions},
  author = {{Fritz Guenther}},
  year = {2014},
  note = {R package version 0.1},
  url = {http://CRAN.R-project.org/package=LSAfun},
}

@book{rozin1973flavor,
  title={The flavor-principle cookbook},
  author={Rozin, Elisabeth},
  year={1973},
  publisher={Hawthorn Books}
}

@article{ahn2011flavor,
  title={Flavor network and the principles of food pairing},
  author={Ahn, Yong-Yeol and Ahnert, Sebastian E and Bagrow, James P and Barab{\'a}si, Albert-L{\'a}szl{\'o}},
  journal={Scientific reports},
  volume={1},
  year={2011},
  publisher={Nature Publishing Group}
}

@inproceedings{zhang2008back,
  title={Back to the future: Knowledge light case base cookery},
  author={Zhang, Qian and Hu, Rong and Mac Namee, Brian and Delany, Sarah Jane},
  booktitle={Conference papers},
  pages={15},
  year={2008}
}

@inproceedings{teng2012recipe,
  title={Recipe recommendation using ingredient networks},
  author={Teng, Chun-Yuen and Lin, Yu-Ru and Adamic, Lada A},
  booktitle={Proceedings of the 4th Annual ACM Web Science Conference},
  pages={298--307},
  year={2012},
  organization={ACM}
}

@article{malmaud2014cooking,
  title={Cooking with semantics},
  author={Malmaud, Jon and Wagner, Earl J and Chang, Nancy and Murphy, Kevin},
  journal={ACL 2014},
  pages={33},
  year={2014}
}

@techreport{tasse2008sour,
  title={SOUR CREAM: Toward semantic processing of recipes},
  author={Tasse, Dan and Smith, Noah A},
  year={2008},
  institution={Technical Report CMU-LTI-08-005, Carnegie Mellon University, Pittsburgh, PA}
}
@article{regneri2013grounding,
  title={Grounding action descriptions in videos},
  author={Regneri, Michaela and Rohrbach, Marcus and Wetzel, Dominikus and Thater, Stefan and Schiele, Bernt and Pinkal, Manfred},
  journal={Transactions of the Association for Computational Linguistics},
  volume={1},
  pages={25--36},
  year={2013}
}

@article{2015arXiv150203815J,
   author = {{Jain}, A. and {K}, R.~N and {Bagler}, G.},
    title = "{Spices form the basis of food pairing in Indian cuisine}",
  journal = {ArXiv e-prints},
archivePrefix = "arXiv",
   eprint = {1502.03815},
 primaryClass = "physics.soc-ph",
 keywords = {Physics - Physics and Society, Quantitative Biology - Other Quantitative Biology},
     year = 2015,
    month = feb,
   adsurl = {http://adsabs.harvard.edu/abs/2015arXiv150203815J},
  adsnote = {Provided by the SAO/NASA Astrophysics Data System}
}